@book{xie2015,
  title = {Dynamic Documents with {R} and knitr},
  author = {Yihui Xie},
  publisher = {Chapman and Hall/CRC},
  address = {Boca Raton, Florida},
  year = {2015},
  edition = {2nd},
  note = {ISBN 978-1498716963},
  url = {http://yihui.name/knitr/},
}
@book{lewis2004moneyball,
  title={Moneyball: The art of winning an unfair game},
  author={Lewis, Michael},
  year={2004},
  publisher={WW Norton \& Company}
}
@book{longenhagen2020future,
  title={Future Value: The battle for baseball's soul and how teams will find the next superstar},
  author={Longenhagen, Eric and McDaniel, Kiley},
  year={2020},
  publisher={Triumph Books}
}